@misc{github,
  author = {Maxson, David},
  title = {Wikiparse},
  year = {2015},
  publisher = {GitHub},
  journal = {GitHub repository},
  howpublished = {\url{https://github.com/scnerd/Wikiparse}}
}

@misc{readthedocs,
  author = {Maxson, David},
  title = {Documentation for Wikiparse},
  year = {2015},
  publisher = {RTFD},
  journal = {ReadTheDocs},
  howpublished = {\url{http://wikiparse.readthedocs.org/en/latest/}}
}

@proceedings{sweble,
  author = {Dohrn, Hannes and Riehle, Dirk},
  title = {Design and Implementation of the Sweble Wikitext Parser: Unlocking the Structured Data of Wikipedia},
  year = {2011},
  month = sep,
  day = {16},
  publisher = {WikiSym}
}

@msic{altparsers,
  author = {WikiMedia},
  title = (Alternative parsers},
  year = {2015},
  howpublished = {\url{http://www.mediawiki.org/wiki/Alternative_parsers}}
}

@misc{mediawikiapi,
  author = "WikiMedia",
  title = "API: Main Page",
  year = "2015",
  howpublished = {\url{http://www.mediawiki.org/wiki/API:Main_page}}
}

@misc{pywikimodule,
  author = {Goldsmith, Jonathan},
  title = {wikipedia},
  year = {2014},
  publisher = {Python Software Foundation},
  journal = {Python Package Index},
  howpublished = {\url{https://pypi.python.org/pypi/wikipedia/}}
}

@inproceedings{jwpl,
	author = {Torsten Zesch and Christof M{\"u}ller and Iryna Gurevych},
	title = {Extracting Lexical Semantic Knowledge from Wikipedia and Wiktionary},
	month = may,
	year = {2008},
	address = {Marrakech, Morocco},
	booktitle = {Proceedings of the 6th International Conference on Language Resources and
Evaluation},
	note = {electronic proceedings},
	pubkey = {TUD-CS-2008-4},
	research_area = {Ubiquitous Knowledge Processing},
	research_sub_area = {Semantic Information Management, UKP_a_NLP4Wikis, UKP_a_SIM, UKP_p_SIR12,
UKP_s_JWPL, UKP_s_JWKTL},
	pdf = {fileadmin/user_upload/Group_UKP/publikationen/2008/lrec08_camera_ready.pdf},
}